@article{DBLP:journals/corr/HeZR015,
  author    = {Kaiming He and
               Xiangyu Zhang and
               Shaoqing Ren and
               Jian Sun},
  title     = {Delving Deep into Rectifiers: Surpassing Human-Level Performance on
               ImageNet Classification},
  journal   = {CoRR},
  volume    = {abs/1502.01852},
  year      = {2015},
  url       = {http://arxiv.org/abs/1502.01852},
  archivePrefix = {arXiv},
  eprint    = {1502.01852},
  timestamp = {Mon, 13 Aug 2018 16:47:36 +0200},
  biburl    = {https://dblp.org/rec/bib/journals/corr/HeZR015},
  bibsource = {dblp computer science bibliography, https://dblp.org}
}

@misc{Ruder2016SGD,
	author = {Sebastian Ruder},
	title = {An overview of gradient descent optimization algorithms},
	year = {2016},
	month = {January},
	howpublished = {URL: http://ruder.io/optimizing-gradient-descent/index.html}
}

@misc{Keras2018CIFAR10,
	author = {Keras},
	title = {cifar10\_cnn.py},
	year = {2018},
	howpublished = {URL: https://github.com/keras-team/keras/blob/master/examples/cifar10\_cnn.py}
}